%YAML 1.1
%TAG !u! tag:unity3d.com,2011:
--- !u!29 &1
OcclusionCullingSettings:
  m_ObjectHideFlags: 0
  serializedVersion: 2
  m_OcclusionBakeSettings:
    smallestOccluder: 5
    smallestHole: 0.25
    backfaceThreshold: 100
  m_SceneGUID: 00000000000000000000000000000000
  m_OcclusionCullingData: {fileID: 0}
--- !u!104 &2
RenderSettings:
  m_ObjectHideFlags: 0
  serializedVersion: 9
  m_Fog: 0
  m_FogColor: {r: 0.5, g: 0.5, b: 0.5, a: 1}
  m_FogMode: 3
  m_FogDensity: 0.01
  m_LinearFogStart: 0
  m_LinearFogEnd: 300
  m_AmbientSkyColor: {r: 0.212, g: 0.227, b: 0.259, a: 1}
  m_AmbientEquatorColor: {r: 0.114, g: 0.125, b: 0.133, a: 1}
  m_AmbientGroundColor: {r: 0.047, g: 0.043, b: 0.035, a: 1}
  m_AmbientIntensity: 1
  m_AmbientMode: 3
  m_SubtractiveShadowColor: {r: 0.42, g: 0.478, b: 0.627, a: 1}
  m_SkyboxMaterial: {fileID: 0}
  m_HaloStrength: 0.5
  m_FlareStrength: 1
  m_FlareFadeSpeed: 3
  m_HaloTexture: {fileID: 0}
  m_SpotCookie: {fileID: 10001, guid: 0000000000000000e000000000000000, type: 0}
  m_DefaultReflectionMode: 0
  m_DefaultReflectionResolution: 128
  m_ReflectionBounces: 1
  m_ReflectionIntensity: 1
  m_CustomReflection: {fileID: 0}
  m_Sun: {fileID: 0}
  m_IndirectSpecularColor: {r: 0, g: 0, b: 0, a: 1}
  m_UseRadianceAmbientProbe: 0
--- !u!157 &3
LightmapSettings:
  m_ObjectHideFlags: 0
  serializedVersion: 11
  m_GIWorkflowMode: 1
  m_GISettings:
    serializedVersion: 2
    m_BounceScale: 1
    m_IndirectOutputScale: 1
    m_AlbedoBoost: 1
    m_TemporalCoherenceThreshold: 1
    m_EnvironmentLightingMode: 0
    m_EnableBakedLightmaps: 0
    m_EnableRealtimeLightmaps: 0
  m_LightmapEditorSettings:
    serializedVersion: 10
    m_Resolution: 2
    m_BakeResolution: 40
    m_AtlasSize: 1024
    m_AO: 0
    m_AOMaxDistance: 1
    m_CompAOExponent: 1
    m_CompAOExponentDirect: 0
    m_Padding: 2
    m_LightmapParameters: {fileID: 0}
    m_LightmapsBakeMode: 1
    m_TextureCompression: 1
    m_FinalGather: 0
    m_FinalGatherFiltering: 1
    m_FinalGatherRayCount: 256
    m_ReflectionCompression: 2
    m_MixedBakeMode: 2
    m_BakeBackend: 1
    m_PVRSampling: 1
    m_PVRDirectSampleCount: 32
    m_PVRSampleCount: 500
    m_PVRBounces: 2
    m_PVRFilterTypeDirect: 0
    m_PVRFilterTypeIndirect: 0
    m_PVRFilterTypeAO: 0
    m_PVRFilteringMode: 1
    m_PVRCulling: 1
    m_PVRFilteringGaussRadiusDirect: 1
    m_PVRFilteringGaussRadiusIndirect: 5
    m_PVRFilteringGaussRadiusAO: 2
    m_PVRFilteringAtrousPositionSigmaDirect: 0.5
    m_PVRFilteringAtrousPositionSigmaIndirect: 2
    m_PVRFilteringAtrousPositionSigmaAO: 1
    m_ShowResolutionOverlay: 1
  m_LightingDataAsset: {fileID: 0}
  m_UseShadowmask: 1
--- !u!196 &4
NavMeshSettings:
  serializedVersion: 2
  m_ObjectHideFlags: 0
  m_BuildSettings:
    serializedVersion: 2
    agentTypeID: 0
    agentRadius: 0.5
    agentHeight: 2
    agentSlope: 45
    agentClimb: 0.4
    ledgeDropHeight: 0
    maxJumpAcrossDistance: 0
    minRegionArea: 2
    manualCellSize: 0
    cellSize: 0.16666667
    manualTileSize: 0
    tileSize: 256
    accuratePlacement: 0
    debug:
      m_Flags: 0
  m_NavMeshData: {fileID: 0}
--- !u!1 &778368768
GameObject:
  m_ObjectHideFlags: 0
  m_CorrespondingSourceObject: {fileID: 0}
  m_PrefabInternal: {fileID: 0}
  serializedVersion: 6
  m_Component:
  - component: {fileID: 778368770}
  - component: {fileID: 778368769}
  m_Layer: 0
  m_Name: Engine
  m_TagString: Untagged
  m_Icon: {fileID: 0}
  m_NavMeshLayer: 0
  m_StaticEditorFlags: 0
  m_IsActive: 1
--- !u!114 &778368769
MonoBehaviour:
  m_ObjectHideFlags: 0
  m_CorrespondingSourceObject: {fileID: 0}
  m_PrefabInternal: {fileID: 0}
  m_GameObject: {fileID: 778368768}
  m_Enabled: 1
  m_EditorHideFlags: 0
  m_Script: {fileID: 11500000, guid: 6a41ea40d2a9649e08e4ae180aba96c0, type: 3}
  m_Name: 
  m_EditorClassIdentifier: 
--- !u!4 &778368770
Transform:
  m_ObjectHideFlags: 0
  m_CorrespondingSourceObject: {fileID: 0}
  m_PrefabInternal: {fileID: 0}
  m_GameObject: {fileID: 778368768}
  m_LocalRotation: {x: 0, y: 0, z: 0, w: 1}
  m_LocalPosition: {x: 0, y: 0, z: 0}
  m_LocalScale: {x: 1, y: 1, z: 1}
  m_Children:
  - {fileID: 789286136}
  - {fileID: 2090304624}
  - {fileID: 1563782255}
  - {fileID: 2045411570}
  - {fileID: 1822044231}
  m_Father: {fileID: 0}
  m_RootOrder: 0
  m_LocalEulerAnglesHint: {x: 0, y: 0, z: 0}
--- !u!1 &789286133
GameObject:
  m_ObjectHideFlags: 0
  m_CorrespondingSourceObject: {fileID: 0}
  m_PrefabInternal: {fileID: 0}
  serializedVersion: 6
  m_Component:
  - component: {fileID: 789286136}
  - component: {fileID: 789286135}
  - component: {fileID: 789286134}
  m_Layer: 0
  m_Name: UICamera
  m_TagString: MainCamera
  m_Icon: {fileID: 0}
  m_NavMeshLayer: 0
  m_StaticEditorFlags: 0
  m_IsActive: 1
--- !u!81 &789286134
AudioListener:
  m_ObjectHideFlags: 0
  m_CorrespondingSourceObject: {fileID: 0}
  m_PrefabInternal: {fileID: 0}
  m_GameObject: {fileID: 789286133}
  m_Enabled: 1
--- !u!20 &789286135
Camera:
  m_ObjectHideFlags: 0
  m_CorrespondingSourceObject: {fileID: 0}
  m_PrefabInternal: {fileID: 0}
  m_GameObject: {fileID: 789286133}
  m_Enabled: 1
  serializedVersion: 2
  m_ClearFlags: 3
  m_BackGroundColor: {r: 0.19215687, g: 0.3019608, b: 0.4745098, a: 0}
  m_projectionMatrixMode: 1
  m_SensorSize: {x: 36, y: 24}
  m_LensShift: {x: 0, y: 0}
  m_FocalLength: 50
  m_NormalizedViewPortRect:
    serializedVersion: 2
    x: 0
    y: 0
    width: 1
    height: 1
  near clip plane: 0.3
  far clip plane: 1000
  field of view: 60
  orthographic: 1
  orthographic size: 5
  m_Depth: -1
  m_CullingMask:
    serializedVersion: 2
    m_Bits: 32
  m_RenderingPath: -1
  m_TargetTexture: {fileID: 0}
  m_TargetDisplay: 0
  m_TargetEye: 3
  m_HDR: 1
  m_AllowMSAA: 1
  m_AllowDynamicResolution: 0
  m_ForceIntoRT: 0
  m_OcclusionCulling: 1
  m_StereoConvergence: 10
  m_StereoSeparation: 0.022
--- !u!4 &789286136
Transform:
  m_ObjectHideFlags: 0
  m_CorrespondingSourceObject: {fileID: 0}
  m_PrefabInternal: {fileID: 0}
  m_GameObject: {fileID: 789286133}
  m_LocalRotation: {x: -0, y: -0, z: -0, w: 1}
  m_LocalPosition: {x: 0, y: 0, z: 0}
  m_LocalScale: {x: 1, y: 1, z: 1}
  m_Children: []
  m_Father: {fileID: 778368770}
  m_RootOrder: 0
  m_LocalEulerAnglesHint: {x: 0, y: 0, z: 0}
--- !u!1 &1563782254
GameObject:
  m_ObjectHideFlags: 0
  m_CorrespondingSourceObject: {fileID: 0}
  m_PrefabInternal: {fileID: 0}
  serializedVersion: 6
  m_Component:
  - component: {fileID: 1563782255}
  - component: {fileID: 1563782256}
  m_Layer: 0
  m_Name: SceneService
  m_TagString: Untagged
  m_Icon: {fileID: 0}
  m_NavMeshLayer: 0
  m_StaticEditorFlags: 0
  m_IsActive: 1
--- !u!4 &1563782255
Transform:
  m_ObjectHideFlags: 0
  m_CorrespondingSourceObject: {fileID: 0}
  m_PrefabInternal: {fileID: 0}
  m_GameObject: {fileID: 1563782254}
  m_LocalRotation: {x: -0, y: -0, z: -0, w: 1}
  m_LocalPosition: {x: 0, y: 0, z: 0}
  m_LocalScale: {x: 1, y: 1, z: 1}
  m_Children:
  - {fileID: 2111366224}
  m_Father: {fileID: 778368770}
  m_RootOrder: 2
  m_LocalEulerAnglesHint: {x: 0, y: 0, z: 0}
--- !u!114 &1563782256
MonoBehaviour:
  m_ObjectHideFlags: 0
  m_CorrespondingSourceObject: {fileID: 0}
  m_PrefabInternal: {fileID: 0}
  m_GameObject: {fileID: 1563782254}
  m_Enabled: 1
  m_EditorHideFlags: 0
  m_Script: {fileID: 11500000, guid: 7c91d7d9d9eac4b35b0f7bf296fbfd89, type: 3}
  m_Name: 
  m_EditorClassIdentifier: 
  canvas: {fileID: 2111366227}
  transitionPrefab: {fileID: 114198035371470198, guid: 6b1f074fca0de4a378531bc3798009ce,
    type: 2}
--- !u!1 &1822044230
GameObject:
  m_ObjectHideFlags: 0
  m_CorrespondingSourceObject: {fileID: 0}
  m_PrefabInternal: {fileID: 0}
  serializedVersion: 6
  m_Component:
  - component: {fileID: 1822044231}
  - component: {fileID: 1822044232}
  m_Layer: 0
  m_Name: DataProvider
  m_TagString: Untagged
  m_Icon: {fileID: 0}
  m_NavMeshLayer: 0
  m_StaticEditorFlags: 0
  m_IsActive: 1
--- !u!4 &1822044231
Transform:
  m_ObjectHideFlags: 0
  m_CorrespondingSourceObject: {fileID: 0}
  m_PrefabInternal: {fileID: 0}
  m_GameObject: {fileID: 1822044230}
  m_LocalRotation: {x: -0, y: -0, z: -0, w: 1}
  m_LocalPosition: {x: 0, y: 0, z: 0}
  m_LocalScale: {x: 1, y: 1, z: 1}
  m_Children: []
  m_Father: {fileID: 778368770}
  m_RootOrder: 4
  m_LocalEulerAnglesHint: {x: 0, y: 0, z: 0}
--- !u!114 &1822044232
MonoBehaviour:
  m_ObjectHideFlags: 0
  m_CorrespondingSourceObject: {fileID: 0}
  m_PrefabInternal: {fileID: 0}
  m_GameObject: {fileID: 1822044230}
  m_Enabled: 1
  m_EditorHideFlags: 0
  m_Script: {fileID: 11500000, guid: 2c3155424f7444b608caeae561a0c13d, type: 3}
  m_Name: 
  m_EditorClassIdentifier: 
  csv: {fileID: 4900000, guid: 7c31a0b3626073f469dfcd238ce5e478, type: 3}
  sprites:
  - Key: book
    Sprite: {fileID: 21300000, guid: 72214e046e50a417ca4f23c84c1baa04, type: 3}
    Prefab: {fileID: 1242487528447488, guid: aa798777155f7438d987a1f6eb9d93ed, type: 2}
  - Key: can
    Sprite: {fileID: 21300000, guid: b4b4154a1232a4fa3b2ac4d6a7a9b81f, type: 3}
    Prefab: {fileID: 1670417414740162, guid: d8d83d7ef34264edea6ddc2491bcbd24, type: 2}
  - Key: can02
    Sprite: {fileID: 21300000, guid: aee053979b80e4a8ab10540909284b3c, type: 3}
    Prefab: {fileID: 1349758433509556, guid: c3a6605c6e87e4b919edad9c335cd0ed, type: 2}
  - Key: cd
    Sprite: {fileID: 21300000, guid: ad83be893dc1d4fdf8345f4320610651, type: 3}
    Prefab: {fileID: 1204616185613542, guid: d663e95ce605d4bf4a1c39e2375237c6, type: 2}
  - Key: daruma
    Sprite: {fileID: 21300000, guid: 91b9a3f6fa440481f8a710d46332ca09, type: 3}
    Prefab: {fileID: 1728280896300010, guid: 010d3d3ff1c2642cab27817ad7671934, type: 2}
  - Key: denwa
    Sprite: {fileID: 21300000, guid: 7553f34f4b49c465394ba638daf1c692, type: 3}
    Prefab: {fileID: 1076136331248852, guid: 6c77940ea33464d219511cfd45ac1c26, type: 2}
  - Key: kabin
    Sprite: {fileID: 21300000, guid: a59129ddd35c8425d964ca28b361f370, type: 3}
    Prefab: {fileID: 1482775086686702, guid: 78fbaa7e2e3774ae2a9df286ef281eee, type: 2}
  - Key: kuma
    Sprite: {fileID: 21300000, guid: d88df8e4676a24e83bf952dbdf87e458, type: 3}
    Prefab: {fileID: 1459927987925240, guid: 95fecd437e0814dccb6d91b916289664, type: 2}
  - Key: kutusita
    Sprite: {fileID: 21300000, guid: 13a2123ac10b64e868c15ede3cb2525b, type: 3}
    Prefab: {fileID: 1583080910822404, guid: 583d654b2001241afbed8f159dc1dcbe, type: 2}
  - Key: sakabin
    Sprite: {fileID: 21300000, guid: aef2f6150c56d4ae889dca1e450ef214, type: 3}
    Prefab: {fileID: 1702267484993232, guid: 9f15c14f0e4e54c9093b13b3dc6f8730, type: 2}
  - Key: tumiki
    Sprite: {fileID: 21300000, guid: 70996dfd587b8464f9a98cf17ab78d87, type: 3}
    Prefab: {fileID: 1405827619921986, guid: 51bad2381f3dd4764b106039e4a84542, type: 2}
  - Key: daruma_bk
    Sprite: {fileID: 21300000, guid: 91b9a3f6fa440481f8a710d46332ca09, type: 3}
    Prefab: {fileID: 1306240991341366, guid: a19a915f90f6541418ba5a1906b91387, type: 2}
  - Key: daruma_bl
    Sprite: {fileID: 21300000, guid: 91b9a3f6fa440481f8a710d46332ca09, type: 3}
    Prefab: {fileID: 1136711165484020, guid: f7deb7b37418f47c092a65e6b608001a, type: 2}
  - Key: daruma_gr
    Sprite: {fileID: 21300000, guid: 91b9a3f6fa440481f8a710d46332ca09, type: 3}
    Prefab: {fileID: 1318509820954064, guid: ce3e12b49840849b3a0339008aa67fe8, type: 2}
  - Key: cd_black
    Sprite: {fileID: 21300000, guid: ad83be893dc1d4fdf8345f4320610651, type: 3}
    Prefab: {fileID: 1887114487070268, guid: de9245f0a7d244a12a14816d53dd78a7, type: 2}
  - Key: cd_blue
    Sprite: {fileID: 21300000, guid: ad83be893dc1d4fdf8345f4320610651, type: 3}
    Prefab: {fileID: 1559982169411378, guid: 527a46a0ba12a46ca8bef263797bb43e, type: 2}
  - Key: cd_red
    Sprite: {fileID: 21300000, guid: ad83be893dc1d4fdf8345f4320610651, type: 3}
    Prefab: {fileID: 1610920289435138, guid: a436f2688c2e44883864ee99b4baa66a, type: 2}
  - Key: cd_yellow
    Sprite: {fileID: 21300000, guid: ad83be893dc1d4fdf8345f4320610651, type: 3}
    Prefab: {fileID: 1669030063835008, guid: b8d4cd259c997446bb6ab2a7fe6e9cc0, type: 2}
  - Key: kuma_red
    Sprite: {fileID: 21300000, guid: d88df8e4676a24e83bf952dbdf87e458, type: 3}
    Prefab: {fileID: 1321237983340076, guid: aa124fd34aab14c5cad6bea7bc968a3c, type: 2}
  - Key: kuma_white
    Sprite: {fileID: 21300000, guid: d88df8e4676a24e83bf952dbdf87e458, type: 3}
    Prefab: {fileID: 1857744963049502, guid: f7fb36b985e10411dad8314774a911e8, type: 2}
  - Key: kuma_yellow
    Sprite: {fileID: 21300000, guid: d88df8e4676a24e83bf952dbdf87e458, type: 3}
    Prefab: {fileID: 1439732715812522, guid: f7e0150e08c0f4128a4543a2290163df, type: 2}
  - Key: sakabin_red
    Sprite: {fileID: 21300000, guid: aef2f6150c56d4ae889dca1e450ef214, type: 3}
    Prefab: {fileID: 1921268884464606, guid: 589b964f3f6ea4e5288ab15c85ad0dab, type: 2}
--- !u!1 &2045411569
GameObject:
  m_ObjectHideFlags: 0
  m_CorrespondingSourceObject: {fileID: 0}
  m_PrefabInternal: {fileID: 0}
  serializedVersion: 6
  m_Component:
  - component: {fileID: 2045411570}
  - component: {fileID: 2045411571}
  m_Layer: 0
  m_Name: SaveService
  m_TagString: Untagged
  m_Icon: {fileID: 0}
  m_NavMeshLayer: 0
  m_StaticEditorFlags: 0
  m_IsActive: 1
--- !u!4 &2045411570
Transform:
  m_ObjectHideFlags: 0
  m_CorrespondingSourceObject: {fileID: 0}
  m_PrefabInternal: {fileID: 0}
  m_GameObject: {fileID: 2045411569}
  m_LocalRotation: {x: 0, y: 0, z: 0, w: 1}
  m_LocalPosition: {x: 0, y: 0, z: 0}
  m_LocalScale: {x: 1, y: 1, z: 1}
  m_Children: []
  m_Father: {fileID: 778368770}
  m_RootOrder: 3
  m_LocalEulerAnglesHint: {x: 0, y: 0, z: 0}
--- !u!114 &2045411571
MonoBehaviour:
  m_ObjectHideFlags: 0
  m_CorrespondingSourceObject: {fileID: 0}
  m_PrefabInternal: {fileID: 0}
  m_GameObject: {fileID: 2045411569}
  m_Enabled: 1
  m_EditorHideFlags: 0
  m_Script: {fileID: 11500000, guid: ee1ca72c30a8c4336b27a10b3f3547eb, type: 3}
  m_Name: 
  m_EditorClassIdentifier: 
--- !u!1 &2090304623
GameObject:
  m_ObjectHideFlags: 0
  m_CorrespondingSourceObject: {fileID: 0}
  m_PrefabInternal: {fileID: 0}
  serializedVersion: 6
  m_Component:
  - component: {fileID: 2090304624}
  - component: {fileID: 2090304626}
  - component: {fileID: 2090304625}
  m_Layer: 0
  m_Name: EventSystem
  m_TagString: Untagged
  m_Icon: {fileID: 0}
  m_NavMeshLayer: 0
  m_StaticEditorFlags: 0
  m_IsActive: 1
--- !u!4 &2090304624
Transform:
  m_ObjectHideFlags: 0
  m_CorrespondingSourceObject: {fileID: 0}
  m_PrefabInternal: {fileID: 0}
  m_GameObject: {fileID: 2090304623}
  m_LocalRotation: {x: -0, y: -0, z: -0, w: 1}
  m_LocalPosition: {x: 0, y: 0, z: 0}
  m_LocalScale: {x: 1, y: 1, z: 1}
  m_Children: []
  m_Father: {fileID: 778368770}
  m_RootOrder: 1
  m_LocalEulerAnglesHint: {x: 0, y: 0, z: 0}
--- !u!114 &2090304625
MonoBehaviour:
  m_ObjectHideFlags: 0
  m_CorrespondingSourceObject: {fileID: 0}
  m_PrefabInternal: {fileID: 0}
  m_GameObject: {fileID: 2090304623}
  m_Enabled: 1
  m_EditorHideFlags: 0
  m_Script: {fileID: 1077351063, guid: f70555f144d8491a825f0804e09c671c, type: 3}
  m_Name: 
  m_EditorClassIdentifier: 
  m_HorizontalAxis: Horizontal
  m_VerticalAxis: Vertical
  m_SubmitButton: Submit
  m_CancelButton: Cancel
  m_InputActionsPerSecond: 10
  m_RepeatDelay: 0.5
  m_ForceModuleActive: 0
--- !u!114 &2090304626
MonoBehaviour:
  m_ObjectHideFlags: 0
  m_CorrespondingSourceObject: {fileID: 0}
  m_PrefabInternal: {fileID: 0}
  m_GameObject: {fileID: 2090304623}
  m_Enabled: 1
  m_EditorHideFlags: 0
  m_Script: {fileID: -619905303, guid: f70555f144d8491a825f0804e09c671c, type: 3}
  m_Name: 
  m_EditorClassIdentifier: 
  m_FirstSelected: {fileID: 0}
  m_sendNavigationEvents: 1
  m_DragThreshold: 10
--- !u!1 &2111366223
GameObject:
  m_ObjectHideFlags: 0
  m_CorrespondingSourceObject: {fileID: 0}
  m_PrefabInternal: {fileID: 0}
  serializedVersion: 6
  m_Component:
  - component: {fileID: 2111366224}
  - component: {fileID: 2111366227}
  - component: {fileID: 2111366226}
  - component: {fileID: 2111366225}
  m_Layer: 5
  m_Name: Canvas
  m_TagString: Untagged
  m_Icon: {fileID: 0}
  m_NavMeshLayer: 0
  m_StaticEditorFlags: 0
  m_IsActive: 1
--- !u!224 &2111366224
RectTransform:
  m_ObjectHideFlags: 0
  m_CorrespondingSourceObject: {fileID: 0}
  m_PrefabInternal: {fileID: 0}
  m_GameObject: {fileID: 2111366223}
  m_LocalRotation: {x: 0, y: 0, z: 0, w: 1}
  m_LocalPosition: {x: 0, y: 0, z: 0}
  m_LocalScale: {x: 0, y: 0, z: 0}
  m_Children: []
  m_Father: {fileID: 1563782255}
  m_RootOrder: 0
  m_LocalEulerAnglesHint: {x: 0, y: 0, z: 0}
  m_AnchorMin: {x: 0, y: 0}
  m_AnchorMax: {x: 0, y: 0}
  m_AnchoredPosition: {x: 0, y: 0}
  m_SizeDelta: {x: 0, y: 0}
  m_Pivot: {x: 0, y: 0}
--- !u!114 &2111366225
MonoBehaviour:
  m_ObjectHideFlags: 0
  m_CorrespondingSourceObject: {fileID: 0}
  m_PrefabInternal: {fileID: 0}
  m_GameObject: {fileID: 2111366223}
  m_Enabled: 1
  m_EditorHideFlags: 0
  m_Script: {fileID: 1301386320, guid: f70555f144d8491a825f0804e09c671c, type: 3}
  m_Name: 
  m_EditorClassIdentifier: 
  m_IgnoreReversedGraphics: 1
  m_BlockingObjects: 0
  m_BlockingMask:
    serializedVersion: 2
    m_Bits: 4294967295
--- !u!114 &2111366226
MonoBehaviour:
  m_ObjectHideFlags: 0
  m_CorrespondingSourceObject: {fileID: 0}
  m_PrefabInternal: {fileID: 0}
  m_GameObject: {fileID: 2111366223}
  m_Enabled: 1
  m_EditorHideFlags: 0
  m_Script: {fileID: 1980459831, guid: f70555f144d8491a825f0804e09c671c, type: 3}
  m_Name: 
  m_EditorClassIdentifier: 
  m_UiScaleMode: 1
  m_ReferencePixelsPerUnit: 100
  m_ScaleFactor: 1
  m_ReferenceResolution: {x: 1024, y: 576}
  m_ScreenMatchMode: 0
  m_MatchWidthOrHeight: 0
  m_PhysicalUnit: 3
  m_FallbackScreenDPI: 96
  m_DefaultSpriteDPI: 96
  m_DynamicPixelsPerUnit: 1
--- !u!223 &2111366227
Canvas:
  m_ObjectHideFlags: 0
  m_CorrespondingSourceObject: {fileID: 0}
  m_PrefabInternal: {fileID: 0}
  m_GameObject: {fileID: 2111366223}
  m_Enabled: 1
  serializedVersion: 3
  m_RenderMode: 0
  m_Camera: {fileID: 0}
  m_PlaneDistance: 100
  m_PixelPerfect: 0
  m_ReceivesEvents: 1
  m_OverrideSorting: 0
  m_OverridePixelPerfect: 0
  m_SortingBucketNormalizedSize: 0
  m_AdditionalShaderChannelsFlag: 0
  m_SortingLayerID: 0
  m_SortingOrder: 1000
  m_TargetDisplay: 0
